@preamble{
 "\providecommand{\noopsort}[1]{}" 
 # "\providecommand{\singleletter}[1]{#1}%" 
}
@article{nisq_preskill,
	title        = {{Quantum computing in the NISQ era and beyond}},
	author       = {{Preskill}, John},
	year         = 2018,
	month        = aug,
	journal      = {{Quantum}},
	publisher    = {{Verein zur F{\"{o}}rderung des Open Access Publizierens in den Quantenwissenschaften}},
	volume       = 2,
	pages        = 79,
	doi          = {10.22331/q-2018-08-06-79},
	issn         = {2521-327X}
}
@article{peruzzo_vqe,
	title        = {{A variational eigenvalue solver on a photonic quantum processor}},
	author       = {Peruzzo, Alberto and McClean, Jarrod and Shadbolt, Peter and Yung, Man-Hong and Zhou, Xiao-Qi and Love, Peter J. and Aspuru-Guzik, Alán and O’Brien, Jeremy L.},
	year         = 2014,
	journal      = {Nature Communications},
	volume       = 5,
	number       = 1,
	doi          = {10.1038/ncomms5213}
}
@article{PhysRevX.8.031022,
	title        = {{Quantum Chemistry Calculations on a Trapped-Ion Quantum Simulator}},
	author       = {Hempel, Cornelius and Maier, Christine and Romero, Jonathan and McClean, Jarrod and Monz, Thomas and Shen, Heng and Jurcevic, Petar and Lanyon, Ben P. and Love, Peter and Babbush, Ryan and Aspuru-Guzik, Al\'an and Blatt, Rainer and Roos, Christian F.},
	year         = 2018,
	month        = {Jul},
	journal      = {Phys. Rev. X},
	publisher    = {American Physical Society},
	volume       = 8,
	pages        = {031022},
	doi          = {10.1103/PhysRevX.8.031022},
	url          = {https://link.aps.org/doi/10.1103/PhysRevX.8.031022},
	issue        = 3,
	numpages     = 22
}
@article{PhysRevX.6.031007,
	title        = {{Scalable Quantum Simulation of Molecular Energies}},
	author       = {O'Malley, P. J. J. and Babbush, R. and Kivlichan, I. D. and Romero, J. and McClean, J. R. and Barends, R. and Kelly, J. and Roushan, P. and Tranter, A. and Ding, N. and Campbell, B. and et al.},
	year         = 2016,
	month        = {Jul},
	journal      = {Phys. Rev. X},
	publisher    = {American Physical Society},
	volume       = 6,
	pages        = {031007},
	doi          = {10.1103/PhysRevX.6.031007},
	url          = {https://link.aps.org/doi/10.1103/PhysRevX.6.031007},
	issue        = 3,
	numpages     = 13
}
@article{doi:10.1063/1.4908131,
	title        = {{A reduced-scaling density matrix-based method for the computation of the vibrational Hessian matrix at the self-consistent field level}},
	author       = {Kussmann,Jörg  and Luenser,Arne  and Beer,Matthias  and Ochsenfeld,Christian},
	year         = 2015,
	journal      = {The Journal of Chemical Physics},
	volume       = 142,
	number       = 9,
	pages        = {094101},
	doi          = {10.1063/1.4908131}
}
@article{2014arXiv1411.4028F,
	title        = {{A Quantum Approximate Optimization Algorithm}},
	author       = {{Farhi}, Edward and {Goldstone}, Jeffrey and {Gutmann}, Sam},
	year         = 2014,
	month        = nov,
	journal      = {arXiv e-prints},
	keywords     = {Quantum Physics},
	archiveprefix = {arXiv},
	eprint       = {1411.4028},
	primaryclass = {quant-ph}
}
@article{moll_barkoutsos,
	title        = {{Quantum optimization using variational algorithms on near-term quantum devices}},
	author       = {Moll, Nikolaj and Barkoutsos, Panagiotis and Bishop, Lev S and Chow, Jerry M and Cross, Andrew and Egger, Daniel J and Filipp, Stefan and Fuhrer, Andreas and Gambetta, Jay M and et al.},
	year         = 2018,
	journal      = {Quantum Science and Technology},
	volume       = 3,
	number       = 3,
	pages        = {030503},
	doi          = {10.1088/2058-9565/aab822}
}
@article{PhysRevX.10.021067,
	title        = {{Quantum Approximate Optimization Algorithm: Performance, Mechanism, and Implementation on Near-Term Devices}},
	author       = {Zhou, Leo and Wang, Sheng-Tao and Choi, Soonwon and Pichler, Hannes and Lukin, Mikhail D.},
	year         = 2020,
	month        = {Jun},
	journal      = {Phys. Rev. X},
	publisher    = {American Physical Society},
	volume       = 10,
	pages        = {021067},
	doi          = {10.1103/PhysRevX.10.021067},
	url          = {https://link.aps.org/doi/10.1103/PhysRevX.10.021067},
	issue        = 2,
	numpages     = 23
}
@article{higgott_wang_brierley_2019,
	title        = {{Variational Quantum Computation of Excited States}},
	author       = {Higgott, Oscar and Wang, Daochen and Brierley, Stephen},
	year         = 2019,
	journal      = {Quantum},
	volume       = 3,
	pages        = 156,
	doi          = {10.22331/q-2019-07-01-156}
}
@article{mcardle_mayorov_shan_benjamin_yuan_2019,
	title        = {{Digital quantum simulation of molecular vibrations}},
	author       = {McArdle, Sam and Mayorov, Alexander and Shan, Xiao and Benjamin, Simon and Yuan, Xiao},
	year         = 2019,
	journal      = {Chemical Science},
	volume       = 10,
	number       = 22,
	pages        = {5725–5735},
	doi          = {10.1039/c9sc01313j}
}
@article{baseden_tye_2014,
	title        = {{Introduction to Density Functional Theory: Calculations by Hand on the Helium Atom}},
	author       = {Baseden, Kyle A. and Tye, Jesse W.},
	year         = 2014,
	journal      = {Journal of Chemical Education},
	volume       = 91,
	number       = 12,
	pages        = {2116–2123},
	doi          = {10.1021/ed5004788}
}
@book{aszabo82:qchem,
	title        = {{Modern Quantum Chemistry: Introduction to Advanced Electronic Structure Theory}},
	author       = {Szabo, Attila and Ostlund, Neil S.},
	year         = 1996,
	publisher    = {Dover Publications, Inc.},
	address      = {Mineola},
	edition      = {First},
	timestamp    = {2013-03-21T02:21:09.000+0100}
}
@book{0f8aef7d72424b6eada5de3cd9269a43,
	title        = {{Quantum Monte Carlo methods in physics and chemistry}},
	author       = {M.P Nightingale and C.J Umrigar},
	year         = 1999,
	publisher    = {Springer},
	volume       = 154,
	edition      = {First}
}
@article{2021arXiv210401992S,
	title        = {{Qubit Routing using Graph Neural Network aided Monte Carlo Tree Search}},
	author       = {{Sinha}, Animesh and {Azad}, Utkarsh and {Singh}, Harjinder},
	year         = 2021,
	month        = apr,
	journal      = {arXiv e-prints},
	keywords     = {Quantum Physics, Computer Science - Machine Learning},
	archiveprefix = {arXiv},
	eprint       = {2104.01992},
	primaryclass = {quant-ph}
}
@article{2021arXiv210308505F,
	title        = {{VQE Method: A Short Survey and Recent Developments}},
	author       = {{Fedorov}, Dmitry A. and {Peng}, Bo and {Govind}, Niranjan and {Alexeev}, Yuri},
	year         = 2021,
	month        = mar,
	journal      = {arXiv e-prints},
	keywords     = {Quantum Physics},
	archiveprefix = {arXiv},
	eprint       = {2103.08505},
	primaryclass = {quant-ph}
}
@misc{g16,
	title        = {{Gaussian 16 Revision C.01}},
	author       = {M. J. Frisch and G. W. Trucks and H. B. Schlegel and G. E. Scuseria and M. A. Robb and J. R. Cheeseman and G. Scalmani and V. Barone and et al.},
	year         = 2016,
	note         = {{Gaussian Inc. Wallingford CT}}
}
@article{pyscf,
	title        = {{PySCF: the Python-based simulations of chemistry framework}},
	author       = {Sun, Qiming and Berkelbach, Timothy C. and Blunt, Nick S. and Booth, George H. and Guo, Sheng and Li, Zhendong and Liu, Junzi and McClain, James D. and Sayfutyarova, Elvira R. and Sharma, Sandeep and Wouters, Sebastian and Chan, Garnet Kin-Lic},
	year         = 2018,
	journal      = {WIREs Computational Molecular Science},
	volume       = 8,
	number       = 1,
	pages        = {e1340},
	doi          = {10.1002/wcms.1340},
	url          = {https://onlinelibrary.wiley.com/doi/abs/10.1002/wcms.1340}
}
,
}
@article{psi4,
	title        = {{Psi4 1.4: Open-Source Software for High-Throughput Quantum Chemistry}},
	author       = {Daniel Smith and Lori Burns and Andrew Simmonett and Robert Parrish and Matthew Schieber and Raimondas Galvelis and Peter Kraus and Holger Kruse and Roberto Di Remigio and et al.},
	year         = 2020,
	month        = 3,
	journal      = {chemrXiv e-prints},
	doi          = {10.26434/chemrxiv.11930031.v1},
	url          = {https://chemrxiv.org/articles/preprint/Psi4_1_4_Open-Source_Software_for_High-Throughput_Quantum_Chemistry/11930031}
}
@article{tranter_love_mintert_coveney_2018,
	title        = {{A Comparison of the Bravyi–Kitaev and Jordan–Wigner Transformations for the Quantum Simulation of Quantum Chemistry}},
	author       = {Tranter, Andrew and Love, Peter J. and Mintert, Florian and Coveney, Peter V.},
	year         = 2018,
	journal      = {Journal of Chemical Theory and Computation},
	volume       = 14,
	number       = 11,
	pages        = {5617–5630},
	doi          = {10.1021/acs.jctc.8b00450}
}
@article{2017arXiv170108213B,
	title        = {{Tapering off qubits to simulate fermionic Hamiltonians}},
	author       = {{Bravyi}, Sergey and {Gambetta}, Jay M. and {Mezzacapo}, Antonio and {Temme}, Kristan},
	year         = 2017,
	month        = jan,
	journal      = {arXiv e-prints},
	keywords     = {Quantum Physics},
	archiveprefix = {arXiv},
	eprint       = {1701.08213},
	primaryclass = {quant-ph}
}
@article{2021arXiv210410220E,
	title        = {{Doubling the size of quantum simulators by entanglement forging}},
	author       = {{Eddins}, Andrew and {Motta}, Mario and {Gujarati}, Tanvi P. and {Bravyi}, Sergey and {Mezzacapo}, Antonio and {Hadfield}, Charles and {Sheldon}, Sarah},
	year         = 2021,
	month        = apr,
	journal      = {arXiv e-prints},
	keywords     = {Quantum Physics},
	archiveprefix = {arXiv},
	eprint       = {2104.10220},
	primaryclass = {quant-ph}
}
@article{2019arXiv191009694R,
	title        = {{A Domain-agnostic, Noise-resistant, Hardware-efficient Evolutionary Variational Quantum Eigensolver}},
	author       = {{Rattew}, Arthur G. and {Hu}, Shaohan and {Pistoia}, Marco and {Chen}, Richard and {Wood}, Steve},
	year         = 2019,
	month        = oct,
	journal      = {arXiv e-prints},
	keywords     = {Quantum Physics, Computer Science - Neural and Evolutionary Computing},
	archiveprefix = {arXiv},
	eprint       = {1910.09694},
	primaryclass = {quant-ph}
}
@article{RevModPhys.92.015003,
	title        = {{Quantum computational chemistry}},
	author       = {McArdle, Sam and Endo, Suguru and Aspuru-Guzik, Al\'an and Benjamin, Simon C. and Yuan, Xiao},
	year         = 2020,
	month        = {Mar},
	journal      = {Rev. Mod. Phys.},
	publisher    = {American Physical Society},
	volume       = 92,
	pages        = {015003},
	doi          = {10.1103/RevModPhys.92.015003},
	url          = {https://link.aps.org/doi/10.1103/RevModPhys.92.015003},
	issue        = 1,
	numpages     = 51
}
@article{2019NatCo.10.3007G,
	title        = {{An adaptive variational algorithm for exact molecular simulations on a quantum computer}},
	author       = {{Grimsley}, Harper R. and {Economou}, Sophia E. and {Barnes}, Edwin and {Mayhall}, Nicholas J.},
	year         = 2019,
	month        = jul,
	journal      = {Nature Communications},
	volume       = 10,
	doi          = {10.1038/s41467-019-10988-2},
	keywords     = {Quantum Physics, Condensed Matter - Strongly Correlated Electrons, Physics - Chemical Physics}
}
@article{2018arXiv181208767Y,
	title        = {{Theory of variational quantum simulation}},
	author       = {{Yuan}, Xiao and {Endo}, Suguru and {Zhao}, Qi and {Li}, Ying and {Benjamin}, Simon},
	year         = 2018,
	month        = dec,
	journal      = {arXiv e-prints},
	keywords     = {Quantum Physics},
	archiveprefix = {arXiv},
	eprint       = {1812.08767},
	primaryclass = {quant-ph}
}
@article{Schuld_2017,
	title        = {{Implementing a distance-based classifier with a quantum interference circuit}},
	author       = {M. Schuld and M. Fingerhuth and F. Petruccione},
	year         = 2017,
	month        = {sep},
	journal      = {{EPL} (Europhysics Letters)},
	publisher    = {{IOP} Publishing},
	volume       = 119,
	number       = 6,
	pages        = 60002,
	doi          = {10.1209/0295-5075/119/60002},
	url          = {https://doi.org/10.1209/0295-5075/119/60002}
}
@book{10.5555/19316,
	title        = {{Numerical Methods for Scientists and Engineers (2nd Ed.)}},
	author       = {Hamming, Richard W},
	year         = 1986,
	publisher    = {Dover Publications, Inc.},
	address      = {USA},
	isbn         = {0486652416}
}
@article{obrien_2019,
	title        = {{Calculating energy derivatives for quantum chemistry on a quantum computer}},
	author       = {O’Brien, Thomas E. and Senjean, Bruno and Sagastizabal, Ramiro and Bonet-Monroig, Xavier and Dutkiewicz, Alicja and Buda, Francesco and DiCarlo, Leonardo and Visscher, Lucas},
	year         = 2019,
	journal      = {npj Quantum Information},
	volume       = 5,
	number       = 1,
	doi          = {10.1038/s41534-019-0213-4}
}
@article{2021PhRvA.103a2405M,
	title        = {{Estimating the gradient and higher-order derivatives on quantum hardware}},
	author       = {{Mari}, Andrea and {Bromley}, Thomas R. and {Killoran}, Nathan},
	year         = 2021,
	month        = jan,
	journal      = {\pra},
	volume       = 103,
	number       = 1,
	pages        = {012405},
	doi          = {10.1103/PhysRevA.103.012405},
	keywords     = {Quantum Physics},
	eid          = {012405}
}
@article{PhysRevA.102.052414,
	title        = {{Noise-resilient variational hybrid quantum-classical optimization}},
	author       = {{Gentini}, Laura and {Cuccoli}, Alessandro and {Pirandola}, Stefano and {Verrucchi}, Paola and {Banchi}, Leonardo},
	year         = 2020,
	month        = nov,
	journal      = {\pra},
	volume       = 102,
	number       = 1,
	pages        = {052414},
	doi          = {10.1103/PhysRevA.102.052414},
	keywords     = {Quantum Physics},
	eid          = {052414}
}
@article{doi:10.1063/1.3266959,
	title        = {{Quantum algorithm for molecular properties and geometry optimization}},
	author       = {Kassal,Ivan  and Aspuru-Guzik,Alán},
	year         = 2009,
	journal      = {The Journal of Chemical Physics},
	volume       = 131,
	number       = 22,
	pages        = 224102,
	doi          = {10.1063/1.3266959},
	url          = {https://doi.org/10.1063/1.3266959}
}
@article{pulay_2013,
	title        = {{Analytical derivatives, forces, force constants, molecular geometries, and related response properties in electronic structure theory}},
	author       = {Pulay, Peter},
	year         = 2013,
	journal      = {Wiley Interdisciplinary Reviews: Computational Molecular Science},
	volume       = 4,
	number       = 3,
	pages        = {169–181},
	doi          = {10.1002/wcms.1171}
}
@article{harrow_kandala_gambetta_2019,
	title        = {{Supervised learning with quantum-enhanced feature spaces}},
	author       = {Havlíček, Vojtěch and Córcoles, Antonio D. and Temme, Kristan and Harrow, Aram W. and Kandala, Abhinav and Chow, Jerry M. and Gambetta, Jay M.},
	year         = 2019,
	journal      = {Nature},
	volume       = 567,
	number       = 7747,
	pages        = {209–212},
	doi          = {10.1038/s41586-019-0980-2}
}
@article{PhysRevResearch.1.033062,
	title        = {{Subspace-search variational quantum eigensolver for excited states}},
	author       = {Nakanishi, Ken M. and Mitarai, Kosuke and Fujii, Keisuke},
	year         = 2019,
	month        = {Oct},
	journal      = {Phys. Rev. Research},
	publisher    = {American Physical Society},
	volume       = 1,
	pages        = {033062},
	doi          = {10.1103/PhysRevResearch.1.033062},
	url          = {https://link.aps.org/doi/10.1103/PhysRevResearch.1.033062},
	issue        = 3,
	numpages     = 7
}
@article{PhysRevResearch.2.013129,
	title        = {{Theory of analytical energy derivatives for the variational quantum eigensolver}},
	author       = {Mitarai, Kosuke and Nakagawa, Yuya O. and Mizukami, Wataru},
	year         = 2020,
	month        = {Feb},
	journal      = {Phys. Rev. Research},
	publisher    = {American Physical Society},
	volume       = 2,
	pages        = {013129},
	doi          = {10.1103/PhysRevResearch.2.013129},
	url          = {https://link.aps.org/doi/10.1103/PhysRevResearch.2.013129},
	issue        = 1,
	numpages     = 14
}
@article{mcclean_rubin_2020,
	title        = {{OpenFermion: the electronic structure package for quantum computers}},
	author       = {McClean, Jarrod R and Rubin, Nicholas C and Sung, Kevin J and Kivlichan, Ian D and Bonet-Monroig, Xavier and Cao, Yudong and Dai, Chengyu and Fried, E Schuyler and Gidney, Craig and Gimby, Brendan and et al.},
	year         = 2020,
	journal      = {Quantum Science and Technology},
	volume       = 5,
	number       = 3,
	pages        = {034014},
	doi          = {10.1088/2058-9565/ab8ebc}
}
@misc{larose2020mitiq,
	title        = {{Mitiq: A software package for error mitigation on noisy quantum computers}},
	author       = {Ryan LaRose and Andrea Mari and Peter J. Karalekas and Nathan Shammah and William J. Zeng},
	year         = 2020,
	eprint       = {2009.04417},
	archiveprefix = {arXiv},
	primaryclass = {quant-ph}
}
@book{10.5555/2670022,
	title        = {{Introductory Lectures on Convex Optimization: A Basic Course}},
	author       = {Nesterov, Yurii},
	year         = 2014,
	publisher    = {Springer Publishing Company, Incorporated},
	isbn         = 1461346916,
	edition      = 1
}
@article{2020arXiv201209265C,
	title        = {{Variational Quantum Algorithms}},
	author       = {{Cerezo}, M. and {Arrasmith}, Andrew and {Babbush}, Ryan and {Benjamin}, Simon C. and {Endo}, Suguru and {Fujii}, Keisuke and {McClean}, Jarrod R. and {Mitarai}, Kosuke and {Yuan}, Xiao and {Cincio}, Lukasz and {Coles}, Patrick J.},
	year         = 2020,
	month        = dec,
	journal      = {arXiv e-prints},
	keywords     = {Quantum Physics, Computer Science - Machine Learning, Statistics - Machine Learning},
	archiveprefix = {arXiv},
	eprint       = {2012.09265},
	primaryclass = {quant-ph}
}
@article{2020arXiv201008520B,
	title        = {{Measurement Error Mitigation for Variational Quantum Algorithms}},
	author       = {{Barron}, George S. and {Wood}, Christopher J.},
	year         = 2020,
	month        = oct,
	journal      = {arXiv e-prints},
	keywords     = {Quantum Physics},
	archiveprefix = {arXiv},
	eprint       = {2010.08520},
	primaryclass = {quant-ph}
}
@article{D0SC06627C,
	title        = {{A feasible approach for automatically differentiable unitary coupled-cluster on quantum computers}},
	author       = {Kottmann, Jakob S. and Anand, Abhinav and Aspuru-Guzik, Alán},
	year         = 2021,
	journal      = {Chem. Sci.},
	publisher    = {The Royal Society of Chemistry},
	volume       = 12,
	pages        = {3497--3508},
	doi          = {10.1039/D0SC06627C},
	url          = {http://dx.doi.org/10.1039/D0SC06627C},
	issue        = 10
}
@article{2015arXiv150202127C,
	title        = {{Hyperparameter Search in Machine Learning}},
	author       = {{Claesen}, Marc and {De Moor}, Bart},
	year         = 2015,
	month        = feb,
	journal      = {arXiv e-prints},
	pages        = {arXiv:1502.02127},
	keywords     = {Computer Science - Machine Learning, Statistics - Machine Learning, G.1.6, I.2.6, I.2.8, I.5},
	eid          = {arXiv:1502.02127},
	archiveprefix = {arXiv},
	eprint       = {1502.02127},
	primaryclass = {cs.LG},
	adsurl       = {https://ui.adsabs.harvard.edu/abs/2015arXiv150202127C},
	adsnote      = {Provided by the SAO/NASA Astrophysics Data System}
}
@article{2020arXiv201008561Z,
	title        = {{Differentiable Quantum Architecture Search}},
	author       = {{Zhang}, Shi-Xin and {Hsieh}, Chang-Yu and {Zhang}, Shengyu and {Yao}, Hong},
	year         = 2020,
	month        = oct,
	journal      = {arXiv e-prints},
	keywords     = {Quantum Physics},
	archiveprefix = {arXiv},
	eprint       = {2010.08561},
	primaryclass = {quant-ph}
}
@misc{IBMQ,
	title        = {{IBM Quantum}},
	year         = 2021,
	howpublished = {\url{https://quantum-computing.ibm.com/}}
}
@misc{comp_cirq,
	title        = {{Cirq}},
	author       = {{Cirq Developers}},
	year         = 2021,
	month        = mar,
	publisher    = {Zenodo},
	doi          = {10.5281/zenodo.4586899},
	version      = {v0.10.0}
}
@misc{comp_qiskit,
	title        = {{Qiskit: An Open-source Framework for Quantum Computing}},
	author       = {H{\'e}ctor Abraham and et al.},
	year         = 2019,
	month        = jan,
	publisher    = {Zenodo},
	doi          = {10.5281/zenodo.2562111},
	version      = {0.7.2}
}
@unpublished{supp,
	note         = {Formal derivation has been provided in the supplementary material.}
}
@article{10.1002/qute.201900070,
	title        = {{Expressibility and Entangling Capability of Parameterized Quantum Circuits for Hybrid Quantum-Classical Algorithms}},
	author       = {Sim, Sukin and Johnson, Peter D. and Aspuru-Guzik, Alán},
	year         = 2019,
	journal      = {Advanced Quantum Technologies},
	volume       = 2,
	number       = 12,
	pages        = 1900070,
	doi          = {https://doi.org/10.1002/qute.201900070},
	url          = {https://onlinelibrary.wiley.com/doi/abs/10.1002/qute.201900070},
	keywords     = {quantum algorithms, quantum circuits, quantum computation}
}
@article{2021arXiv210414722C,
	title        = {{OpenQASM 3: A broader and deeper quantum assembly language}},
	author       = {{Cross}, Andrew W. and {Javadi-Abhari}, Ali and {Alexander}, Thomas and {de Beaudrap}, Niel and {Bishop}, Lev S. and {Heidel}, Steven and {Ryan}, Colm A. and {Smolin}, John and {Gambetta}, Jay M. and {Johnson}, Blake R.},
	year         = 2021,
	month        = apr,
	journal      = {arXiv e-prints},
	keywords     = {Quantum Physics},
	archiveprefix = {arXiv},
	eprint       = {2104.14722},
	primaryclass = {quant-ph}
}
@article{2020arXiv200714384W,
	title        = {{Noise-Induced Barren Plateaus in Variational Quantum Algorithms}},
	author       = {{Wang}, Samson and {Fontana}, Enrico and {Cerezo}, M. and {Sharma}, Kunal and {Sone}, Akira and {Cincio}, Lukasz and {Coles}, Patrick J.},
	year         = 2020,
	month        = jul,
	journal      = {arXiv e-prints},
	keywords     = {Quantum Physics, Computer Science - Machine Learning},
	archiveprefix = {arXiv},
	eprint       = {2007.14384},
	primaryclass = {quant-ph}
}
@article{doi:10.1063/1.1497700,
	title        = {{Global entanglement in multiparticle systems}},
	author       = {Meyer,David A.  and Wallach,Nolan R.},
	year         = 2002,
	journal      = {J. Math. Phys.},
	volume       = 43,
	number       = 9,
	pages        = {4273--4278},
	doi          = {10.1063/1.1497700},
	url          = {https://doi.org/10.1063/1.1497700}
}
@article{10.1007/s11128-007-0052-7,
	title        = {{A Characterization of Global Entanglement}},
	author       = {Peter J. Love and Alec Maassen van den Brink and A. Yu. Smirnov and M. H. S. Amin and M. Grajcar and E. Il'ichev and A. Izmalkov and A. M. Zagoskin},
	year         = 2007,
	month        = may,
	journal      = {Quantum Inf Process},
	publisher    = {Springer Science and Business Media {LLC}},
	volume       = 6,
	number       = 3,
	pages        = {187--195},
	doi          = {10.1007/s11128-007-0052-7},
	url          = {https://doi.org/10.1007/s11128-007-0052-7}
}
@article{PhysRevLett.124.090504,
	title        = {{Reachability Deficits in Quantum Approximate Optimization}},
	author       = {Akshay, V. and Philathong, H. and Morales, M. E. S. and Biamonte, J. D.},
	year         = 2020,
	month        = {Mar},
	journal      = {Phys. Rev. Lett.},
	publisher    = {American Physical Society},
	volume       = 124,
	pages        = {090504},
	doi          = {10.1103/PhysRevLett.124.090504},
	url          = {https://link.aps.org/doi/10.1103/PhysRevLett.124.090504},
	issue        = 9,
	numpages     = 5
}
@article{PhysRevLett.115.267206,
	title        = {{Two-Component Structure in the Entanglement Spectrum of Highly Excited States}},
	author       = {Yang, Zhi-Cheng and Chamon, Claudio and Hamma, Alioscia and Mucciolo, Eduardo R.},
	year         = 2015,
	month        = {Dec},
	journal      = {Phys. Rev. Lett.},
	publisher    = {American Physical Society},
	volume       = 115,
	pages        = 267206,
	doi          = {10.1103/PhysRevLett.115.267206},
	url          = {https://link.aps.org/doi/10.1103/PhysRevLett.115.267206},
	issue        = 26,
	numpages     = 5
}
@article{10.1088/1751-8113/40/3/f04,
	title        = {{Entanglement of random vectors}},
	author       = {Marko {\v{Z}}nidari{\v{c}}},
	year         = 2006,
	month        = {dec},
	journal      = {J. Phys. A: Math. Theor},
	publisher    = {{IOP} Publishing},
	volume       = 40,
	number       = 3,
	pages        = {F105--F111},
	doi          = {10.1088/1751-8113/40/3/f04},
	url          = {https://doi.org/10.1088/1751-8113/40/3/f04}
}
@article{PRXQuantum.1.020319,
	title        = {{Exploring Entanglement and Optimization within the Hamiltonian Variational Ansatz}},
	author       = {Wiersema, Roeland and Zhou, Cunlu and de Sereville, Yvette and Carrasquilla, Juan Felipe and Kim, Yong Baek and Yuen, Henry},
	year         = 2020,
	month        = {Dec},
	journal      = {PRX Quantum},
	publisher    = {American Physical Society},
	volume       = 1,
	pages        = {020319},
	doi          = {10.1103/PRXQuantum.1.020319},
	url          = {https://link.aps.org/doi/10.1103/PRXQuantum.1.020319},
	issue        = 2,
	numpages     = 14
}
@article{ccquad_Pyquil,
	title        = {{A Practical Quantum Instruction Set Architecture}},
	author       = {{Smith}, Robert S. and {Curtis}, Michael J. and {Zeng}, William J.},
	year         = 2016,
	month        = aug,
	journal      = {arXiv e-prints},
	keywords     = {Quantum Physics, Computer Science - Emerging Technologies, Computer Science - Programming Languages},
	archiveprefix = {arXiv},
	eprint       = {1608.03355},
	primaryclass = {quant-ph}
}
@misc{qleet-zenodo,
	title        = {{qLEET}},
	author       = {Utkarsh Azad and Animesh Sinha},
	year         = 2021,
	month        = nov,
	publisher    = {Zenodo},
	doi          = {10.5281/zenodo.5650581},
	url          = {https://doi.org/10.5281/zenodo.5650581},
	version      = {0.1.0-dev0}
}
@article{loss-landscapes,
	title        = {{Visualizing the loss landscape of neural nets}},
	author       = {Li, Hao and Xu, Zheng and Taylor, Gavin and Studer, Christoph and Goldstein, Tom},
	year         = 2018,
	journal      = {Advances in neural information processing systems},
	volume       = 31,
	doi          = {10.48550/arXiv.1712.09913},
}
@inproceedings{training-trajectories,
	title        = {{Visualizing deep network training trajectories with pca}},
	author       = {Lorch, Eliana},
	year         = 2016,
	booktitle    = {ICML Workshop on Visualization for Deep Learning}
}
@misc{pytestx.y,
	title        = {{Pytest x.y}},
	author       = {Krekel, Holger and Oliveira, Bruno and Pfannschmidt, Ronny and Bruynooghe, Floris and Laugher, Brianna and Bruhin, Florian},
	year         = 2004,
	url          = {https://github.com/pytest-dev/pytest}
}
@misc{mypy,
	title        = {{Mypy}},
	author       = {Lehtosalo, Jukka and Rossum, Guido van  and Levkivskyi, Ivan and Sullivan, Michael J.},
	year         = 2012,
	url          = {https://github.com/python/mypy}
}
@misc{black,
	title        = {{Black}},
	author       = {Willing, Carol and Meyer, Carl and Zijlstra, Jelle and Naylor, Mika and Dollenstein, Zsolt and Lees, Cooper and Si, Richard and Hildén, Felix and Taskaya, Batuhan},
	year         = 2018,
	url          = {https://github.com/psf/black}
}
@article{s41467-021-21728-w,
	title        = {{Cost function dependent barren plateaus in shallow parametrized quantum circuits}},
	author       = {M. Cerezo and Akira Sone and Tyler Volkoff and Lukasz Cincio and Patrick J. Coles},
	year         = 2021,
	month        = mar,
	journal      = {Nature Communications},
	publisher    = {Springer Science and Business Media {LLC}},
	volume       = 12,
	number       = 1,
	doi          = {10.1038/s41467-021-21728-w},
	url          = {https://doi.org/10.1038/s41467-021-21728-w}
}
@article{Chaudhary2022-kl,
	title        = {{A software simulator for noisy quantum circuits}},
	author       = {Chaudhary, H and Mahato, B and Priyadarshi, L and Roshan, N and {Utkarsh} and Patel, A D},
	year         = 2022,
	month        = feb,
	journal      = {Int. J. Mod. Phys. C.},
	publisher    = {World Scientific Pub Co Pte Ltd},
	doi          = {10.1142/S0129183122501030},
}
@book{9781107002173,
	title        = {{Quantum Computation and Quantum Information: 10th Anniversary Edition}},
	author       = {Michael A. Nielsen and Isaac L. Chuang},
	year         = 2011,
	publisher    = {Cambridge University Press},
	isbn         = 9781107002173,
	url          = {https://www.amazon.com/Quantum-Computation-Information-10th-Anniversary/dp/1107002176?SubscriptionId=AKIAIOBINVZYXZQZ2U3A&tag=chimbori05-20&linkCode=xm2&camp=2025&creative=165953&creativeASIN=1107002176}
}
@article{RevModPhys.94.015004,
	title        = {{Noisy intermediate-scale quantum algorithms}},
	author       = {Bharti, Kishor and Cervera-Lierta, Alba and Kyaw, Thi Ha and Haug, Tobias and Alperin-Lea, Sumner and Anand, Abhinav and Degroote, Matthias and Heimonen, Hermanni and Kottmann, Jakob S. and Menke, Tim and Mok, Wai-Keong and Sim, Sukin and Kwek, Leong-Chuan and Aspuru-Guzik, Al\'an},
	year         = 2022,
	month        = {Feb},
	journal      = {Rev. Mod. Phys.},
	publisher    = {American Physical Society},
	volume       = 94,
	pages        = {015004},
	doi          = {10.1103/RevModPhys.94.015004},
	url          = {https://link.aps.org/doi/10.1103/RevModPhys.94.015004},
	issue        = 1,
	numpages     = 69
}
@inproceedings{9251243,
	title        = {{Reliability Modeling of NISQ- Era Quantum Computers}},
	author       = {Liu, Ji and Zhou, Huiyang},
	year         = 2020,
	booktitle    = {2020 IEEE International Symposium on Workload Characterization (IISWC)},
	volume       = {},
	number       = {},
	pages        = {94--105},
	doi          = {10.1109/IISWC50251.2020.00018}
}
@article{Endo2021-zy,
	title        = {{Hybrid quantum-classical algorithms and quantum error mitigation}},
	author       = {Endo, Suguru and Cai, Zhenyu and Benjamin, Simon C and Yuan, Xiao},
	year         = 2021,
	month        = mar,
	journal      = {J. Phys. Soc. Jpn.},
	publisher    = {Physical Society of Japan},
	volume       = 90,
	number       = 3,
	pages        = {032001},
	doi          = {10.7566/JPSJ.90.032001},
}
@article{Benedetti2019-gz,
	title        = {{Parameterized quantum circuits as machine learning models}},
	author       = {Benedetti, Marcello and Lloyd, Erika and Sack, Stefan and Fiorentini, Mattia},
	year         = 2019,
	month        = nov,
	journal      = {Quantum Sci. Technol.},
	publisher    = {IOP Publishing},
	volume       = 4,
	number       = 4,
	pages        = {043001},
	doi          = {10.1088/2058-9565/ab4eb5}
}
@article{Romero2018-uc,
	title        = {{Strategies for quantum computing molecular energies using the unitary coupled cluster ansatz}},
	author       = {Romero, Jonathan and Babbush, Ryan and McClean, Jarrod R and Hempel, Cornelius and Love, Peter J and Aspuru-Guzik, Al{\'a}n},
	year         = 2018,
	month        = oct,
	journal      = {Quantum Sci. Technol.},
	publisher    = {IOP Publishing},
	volume       = 4,
	number       = 1,
	pages        = {014008},
	doi          = {10.1088/2058-9565/aad3e4}
}
@article{Kandala2017-wn,
	title        = {{Hardware-efficient variational quantum eigensolver for small molecules and quantum magnets}},
	author       = {Kandala, Abhinav and Mezzacapo, Antonio and Temme, Kristan and Takita, Maika and Brink, Markus and Chow, Jerry M and Gambetta, Jay M},
	year         = 2017,
	month        = sep,
	journal      = {Nature},
	publisher    = {Springer Science and Business Media LLC},
	volume       = 549,
	number       = 7671,
	pages        = {242--246},
	doi          = {10.1038/nature23879},
}
@article{PRXQuantum.2.020310,
	title        = {{Qubit-ADAPT-VQE: An Adaptive Algorithm for Constructing Hardware-Efficient Ans\"atze on a Quantum Processor}},
	author       = {Tang, Ho Lun and Shkolnikov, V.O. and Barron, George S. and Grimsley, Harper R. and Mayhall, Nicholas J. and Barnes, Edwin and Economou, Sophia E.},
	year         = 2021,
	month        = {Apr},
	journal      = {PRX Quantum},
	publisher    = {American Physical Society},
	volume       = 2,
	pages        = {020310},
	doi          = {10.1103/PRXQuantum.2.020310},
	url          = {https://link.aps.org/doi/10.1103/PRXQuantum.2.020310},
	issue        = 2,
	numpages     = 16
}
